@INPROCEEDINGS{casa1,
   author = {{McMullin}, J.~P. and {Waters}, B. and {Schiebel}, D. and {Young}, W. and 
	{Golap}, K.},
    title = "{CASA Architecture and Applications}",
booktitle = {Astronomical Data Analysis Software and Systems XVI},
     year = 2007,
   series = {Astronomical Society of the Pacific Conference Series},
   volume = 376,
   editor = {{Shaw}, R.~A. and {Hill}, F. and {Bell}, D.~J.},
    month = oct,
    pages = {127},
   adsurl = {http://adsabs.harvard.edu/abs/2007ASPC..376..127M},
  adsnote = {Provided by the SAO/NASA Astrophysics Data System}
}



@INPROCEEDINGS{casa2,
   author = {{Emonts}, B.},
    title = "{CASA Architecture and Applications}",
booktitle = {Astronomical Data Analysis Software and Systems XXVIII},
     year = 2019,
   series = {Astronomical Society of the Pacific Conference Series},
   volume = 376,
   editor = {{Teuben}, P.~J. and {Pound}, M.~W. and {Thomas}, B. and {Warner}, E.~M. },
    month = oct,
    pages = {127},
   adsurl = {http://adsabs.harvard.edu/abs/2007ASPC..376..127M},
  adsnote = {Provided by the SAO/NASA Astrophysics Data System}
}



@ARTICLE{tp2vis,
       author = {{Koda}, Jin and {Teuben}, Peter and {Sawada}, Tsuyoshi and
         {Plunkett}, Adele and {Fomalont}, Ed},
        title = "{Total Power Map to Visibilities (TP2VIS): Joint Deconvolution of ALMA 12m, 7m, and Total Power Array Data}",
      journal = {Publications of the Astronomical Society of the Pacific},      
     keywords = {Astrophysics - Instrumentation and Methods for Astrophysics, Astrophysics - Earth and Planetary Astrophysics, Astrophysics - Astrophysics of Galaxies, Astrophysics - Solar and Stellar Astrophysics},
         year = "2019",
        month = "May",
       volume = {131},
       number = {999},
        pages = {054505},
          doi = {10.1088/1538-3873/ab047e},
archivePrefix = {arXiv},
       eprint = {1903.07611},
 primaryClass = {astro-ph.IM},
       adsurl = {https://ui.adsabs.harvard.edu/abs/2019PASP..131e4505K},
      adsnote = {Provided by the SAO/NASA Astrophysics Data System}
}





@INPROCEEDINGS{tp2vis2,
       author = {{Teuben}, Peter and {Koda}, Jin},
        title = "{Combining Single Dish and Interferometric data: a new tool in CASA}",
    booktitle = {American Astronomical Society Meeting Abstracts \#231},
         year = "2018",
       series = {American Astronomical Society Meeting Abstracts},
       volume = {231},
        month = "Jan",
          eid = {150.17},
        pages = {150.17},
       adsurl = {https://ui.adsabs.harvard.edu/\#abs/2018AAS...23115017T},
      adsnote = {Provided by the SAO/NASA Astrophysics Data System}
}

@TECHREPORT{memo54,
       author = {{Turner}, Jordan and {Teuben}, Peter and {Dale}, Daniel},
        title = "{Short Spacing Issues for Mapping Extended Emission: Milky Way Case Study}",
       number = "54",
        month = "Jan",
         year = "2019",
       series = {ngVLA memo series},
       volume = {54},
          url = {https://library.nrao.edu/public/memos/ngvla/NGVLA_54.pdf},
}

